@article{levy2004antibacterial,
  title={Antibacterial resistance worldwide: causes, challenges and responses},
  author={Levy, Stuart B and Marshall, Bonnie},
  journal={Nature medicine},
  volume={10},
  number={Suppl 12},
  pages={S122--S129},
  year={2004},
  publisher={Nature Publishing Group US New York}
}

@article{xuan2023antimicrobial,
  title={Antimicrobial peptides for combating drug-resistant bacterial infections},
  author={Xuan, Jiaqi and Feng, Weiguo and Wang, Jiaye and Wang, Ruichen and Zhang, Bowen and Bo, Letao and Chen, Zhe-Sheng and Yang, Hui and Sun, Leming},
  journal={Drug Resistance Updates},
  volume={68},
  pages={100954},
  year={2023},
  publisher={Elsevier}
}