@article{example2023,
    author = {Doe, J.},
    title = {A Study on Machine Learning Workflows},
    journal = {Journal of Workflow Studies},
    year = {2023},
    volume = {42},
    pages = {123-130}
}